4972 6124
1159 446 1413 520 ,16-

571 658 612 722 22
638 655 887 741 supplcmentum
911 656 1031 720 nullum
1056 656 1089 720 in
1114 676 1148 721 re
1175 658 1330 741 praesenti
1355 658 1528 741 excogitare
1548 661 1646 743 potui,
1668 660 1748 742 quod
1770 661 1810 725 ad
1830 661 1944 728 codicis
1967 666 2078 731 duetus
2099 671 2173 751 apte

402 776 584 859 'quadrareit
612 777 664 840 uin
687 776 770 840 enim
790 776 887 839 talem
907 793 1014 840 uersus
1037 774 1169 840 formam
1190 776 1370 841 Plautinam
1390 776 1487 841 fnisse
1508 778 1707 843 crediderim:
1735 781 1830 858 Quod
1856 784 1913 845 aba
1943 790 1977 847 te
2000 806 2082 869 opas
2101 789 2170 869 pier,

403 872 522 979 moeso
543 898 596 958 aar·
614 896 693 983 mllr'
712 896 881 977 impertias.
901 895 967 959 neri
988 894 1092 959 simile
1113 894 1236 961 uidetur
1250 897 1376 961 Diniam
1398 915 1434 961 11
1450 895 1619 961 Nicodemo
1638 899 1836 979 qnaesiuisse,
1859 901 1934 984 quid
1957 904 2028 969 boni
2042 922 2061 968 a
2074 904 2172 972 Nico·

406 1017 495 1082 demo
517 1017 676 1100 expectare
696 1016 811 1096 posset.

569 1136 610 1199 23
642 1133 890 1217 supplementum
920 1134 1162 1199 incertissimum
1194 1153 1261 1199 esse
1295 1134 1441 1212 concedo,
1464 1153 1535 1199 cum
1556 1137 1738 1219 pracsertim
1759 1135 1883 1213 litteras
1904 1156 1923 1202 a
1944 1140 1978 1202 3·
2005 1157 2101 1222 usqne
2129 1145 2168 1207 ad

406 1256 479 1318 11’ιω
499 1252 591 1319 ualde
610 1251 720 1317 dubiae
741 1252 823 1327 sint3
844 1252 1033 1336 probabilius
1054 1253 1273 1318 1111111111
1301 1253 1372 1318 inde
1393 1271 1413 1317 1
1433 1254 1537 1316 Seruo
1556 1257 1675 1338 pudice
1703 1256 1746 1338 (u
1771 1255 1825 1339 23)
1849 1271 1945 1336 usqne
1968 1257 2006 1323 ad
2029 1262 2168 1324 minam

404 1375 558 1436 mendace
579 1374 621 1456 (u
645 1372 698 1456 26)
722 1370 891 1437 Nicodemo
913 1389 1006 1455 quam
1027 1371 1139 1435 Diniae
1153 1373 1193 1456 17)
1214 1372 1332 1437 tributa
1352 1390 1420 1437 esse
1441 1370 1659 1438 contenderim

573 1492 614 1554 24
634 1492 758 1574 propter
777 1488 920 1554 lectionis
941 1490 1179 1574 ambiguitatem
1202 1491 1321 1554 centnm
1342 1491 1592 1574 supplementum
1612 1491 1742 1581 proponi
1761 1490 1879 1574 nequit
1923 1491 2038 1559 codicis
2059 1496 2169 1565 ductus

403 1610 442 1675 ad
464 1612 528 1688 Qui
545 1611 609 1693 fide
629 1632 670 1675 ae
689 1611 781 1692 petor
803 1610 846 1671 sir
874 1608 1020 1692 quadrare
1034 1610 1106 1675 -uisi
1127 1613 1213 1685 sunm
1241 1627 1260 1674 a
1282 1628 1342 1692 qna
1362 1611 1467 1675 tamen
1489 1610 1623 1676 lectione
1647 1610 1801 1695 profectus
1823 1609 1938 1675 autad
1960 1611 2024 1690 Qar‘
2041 1617 2105 1696 fide
2125 1640 2168 1683 ne

403 1732 466 1815 (nel
490 1730 594 1814 potius
621 1731 701 1812 mon)
727 1731 820 1813 peior
847 1731 891 1792 eit
913 1751 1010 1811 qaam
1030 1731 1121 1792 cerui
1140 1740 1218 1792 sumt
1242 1733 1292 1792 lai
1309 1730 1374 1814 (nel
1396 1732 1486 1792 oerar‘
1504 1734 1617 1816 cetere]
1641 1734 1695 1796 aut
1714 1729 1754 1794 ad
1775 1728 1914 1794 similem
1935 1730 2166 1803 restitutionem

403 1849 592 1932 pertinueris,
621 1866 681 1931 qua
708 1849 859 1932 genuinus
888 1848 1048 1912 contextas
1075 1847 1187 1913 Plauto
1208 1866 1270 1912 non
1289 1848 1412 1917 uidetur
1432 1820 1570 1914 redditus
1592 1867 1668 1914 esse.
1711 1849 1778 1914 Nec
1798 1848 1996 1914 nimismele
2017 1849 2165 1921 11111111-

269 1954 274 1966 ’
403 1987 507 2034 rarum
527 1969 653 2033 umbras
674 1969 739 2046 Qut
755 1968 819 2050 fide
837 1968 963 2049 fidelior
976 1968 1017 2053 ι1)
1039 1970 1082 2030 sr‘r
1104 1989 1199 2051 qnam
1222 1970 1312 2031 serm·
1332 1970 1382 2031 aar·
1401 1968 1494 2035 lectio
1516 1966 1664 2055 quadrare
1684 1969 1754 2033 uisa
1775 1970 1837 2043 est,
1867 1984 1923 2033 nec
1944 1969 2049 2039 tamen
2070 1970 2164 2037 nimis

406 2089 523 2152 incerta
542 2087 576 2151 in
596 2086 723 2152 incertis
745 2084 953 2151 fundamentis
974 2086 1120 2152 collocari
1140 2085 1186 2151 ias
1208 2088 1265 2151 est.

571 2208 611 2271 25
635 2208 760 2268 minimi
778 2206 821 2268 A.

570 2328 610 2390 26
633 2328 763 2388 minime
782 2326 970 2388 mendacem
992 2326 1035 2388 A.
1084 2324 1125 2388 26
1148 2346 1199 2388 em
1219 2324 1253 2390 in
1273 2324 1401 2409 epodosi
1420 2324 1496 2389 alibi
1517 2340 1637 2406 quoqne
1658 2341 1678 2389 a
1698 2324 1825 2393 comicis
1848 2325 1974 2409 ponitur
1986 2327 2025 2410 ιο)
2045 2344 2166 2409 praece·

403 2448 493 2512 dente
515 2447 675 2513 enuntiabo
697 2444 916 2519 conditionalia
946 2444 984 2508 of.
1006 2442 1210 2521 mercna,
1238 2445 1407 2509 42:313
1443 2444 1482 2508 or·
1505 2465 1656 2526 umquam
1684 2444 1811 2507 maiolis
1830 2449 1956 2527 pictam
1978 2455 2167 2523 amatorem,

404 2589 453 2630 cm
481 2569 546 2629 illic
571 2576 641 2638 cet,⁸
669 2564 792 2629 Terent.
813 2562 909 2629 Andr.
931 2562 963 2627 Π
985 2562 1015 2640 6,
1038 2561 1208 2626 27:458
1246 2564 1333 2626 Nam
1362 2565 1393 2625 ei
1413 2563 1464 2627 bic
1488 2565 1597 2626 maliet
1628 2566 1812 2646 quicquam,
1842 2586 1892 2629 em
1920 2566 1985 2627 illic
2012 2575 2063 2628 eet
2093 2565 2165 2629 oce

402 2689 453 2748 rer·
473 2696 582 2768 capae.
628 2683 735 2766 Neque
762 2700 835 2748 nero
862 2700 934 2747 cnm
961 2680 1213 2749 demonstratiuis
1238 2682 1361 2747 1111111111
1383 2682 1614 2772 pronominibus
1642 2681 1693 2768 (of.
1714 2681 1831 2748 Handii
1852 2682 2015 2754 1111111111.
2037 2685 2098 2753 uol.
2120 2684 2166 2755 ΙΠ

401 2824 471 2890 pag.
486 2804 541 2890 49)
567 2803 807 2888 coniungebatar
828 2801 883 2866 sed
905 2800 1000 2867 eliam
1022 2819 1093 2867 cum
1113 2801 1338 2885 personalibus:
1368 2820 1442 2867 narn
1466 2803 1556 2868 Poen.
1578 2802 1594 2866 I
1617 2804 1645 2879 1,
1666 2803 1706 2869 31
1737 2804 1801 2866 Ml.
1823 2803 1884 2867 Vin
1909 2806 2010 2867 11111·
2028 2826 2165 2887 nepsam

402 2926 482 2988 dare
497 2922 611 2987 nunc?
631 2926 708 2986 Aa.
734 2923 842 3005 capio.
866 2923 931 2984 Ml.
953 2922 1016 2985 Dm
1041 2943 1092 2983 me
1110 2922 1199 3001 dato,
1215 2921 1438 2986 sententiarum
1458 2940 1537 2986 nexu
1558 2921 1703 2987 docemur
1722 2920 1831 2989 eodem
1848 2921 1915 2987 iure
1936 2921 1998 2987 dici
2011 2923 2165 3011 potuisse:

288 3106 291 3117 ,
403 3045 441 3109 or·
462 3056 497 3107 trr
519 3046 569 3107 ills
587 3065 728 3126 nequam
751 3042 831 3104 dare
853 3042 914 3118 eric,
937 3062 987 3102 cm
1009 3060 1060 3103 me
1081 3040 1170 3103 datm

570 3163 610 3227 27
638 3164 881 3225 mercennarios
912 3159 1029 3243 duplici
1051 3180 1073 3220 rr
1096 3158 1292 3225 scribendam
1321 3176 1390 3225 esse
1417 3159 1539 3224 monuit
1565 3160 1603 3225 A.
1625 3158 1841 3228 Fleckeisenus
1869 3159 2028 3243 ‚monning
2053 3159 2165 3228 artikel

401 3303 456 3349 aus
489 3284 590 3348 einem
620 3280 849 3347 hilfsbicblein
877 3278 926 3344 for
955 3278 1137 3343 lateiniscbe
1166 3278 1446 3360 rechbsohreibung’
1478 3278 1557 3343 1861
1585 3297 1654 3363 pag.
1678 3281 1802 3362 2611.)
1835 3278 1912 3343 adde
1941 3280 2164 3345 mercennario

402 3406 547 3481 formam,
576 3420 669 3485 quam
696 3419 733 3465 ex
757 3400 958 3484 palimpsesto
990 3397 1075 3462 Liuii
1097 3396 1266 3463 Veronensi
1294 3396 1434 3463 laudauit
1461 3396 1520 3464 Th.
1542 3398 1756 3463 Mommsenns
1788 3399 1822 3463 in
1855 3396 2166 3465 commentationibus
2295 3382 2297 3385 ’

402 3525 505 3610 teglae
526 3520 703 3587 academiae
716 3519 926 3584 Barolinensis
947 3536 975 3583 a.
993 3518 1075 3582 1868
1097 3535 1166 3605 pag.
1188 3516 1258 3583 169.
1275 3557 1315 3564 -
1332 3517 1372 3581 28
1401 3518 1444 3578 Te
1465 3538 1536 3579 erse
1558 3539 1624 3580 non
1646 3517 1750 3580 credis
1774 3521 1806 3580 A
1815 3539 1824 3591 ς
1846 3538 1890 3580 arr
1912 3516 2045 3600 exempli
2061 3517 2163 3600 gratia

401 3643 558 3728 supplosi,
590 3643 626 3705 ut
659 3640 795 3704 numeris
830 3639 1003 3705 satisfieret.
1059 3637 1169 3701 Vtrum
1205 3636 1310 3698 credie
1345 3636 1438 3701 uerbo
1467 3634 1631 3701 Nioodemi
1665 3636 1764 3701 oratio
1799 3635 1924 3703 finiatur
1956 3654 2065 3714 necne,
2102 3636 2163 3701 dici

401 3763 518 3846 nequit.
561 3763 600 3825 31
628 3759 737 3825 Vtrum
760 3759 797 3824 ab
819 3759 878 3822 boc
898 3757 1023 3822 demum
1044 3772 1134 3823 uersu
1152 3772 1192 3819 an
1213 3755 1251 3820 ab
1274 3755 1319 3820 eis
1340 3755 1443 3825 uerbis
1461 3773 1538 3838 quae
1562 3755 1792 3839 praecesserunt
1821 3754 1933 3819 Diniae
1960 3756 2058 3820 oratio
2080 3756 2162 3818 inoe-

399 3884 490 3966 perit
511 3881 632 3946 definiri
652 3898 713 3949 non
734 3879 846 3967 potest
890 3877 931 3939 33
952 3878 1062 3960 faciat
1085 3879 1132 3949 Α,
1157 3893 1216 3957 quo
1237 3876 1360 3939 seruato
1381 3893 1489 3943 uersus
1510 3875 1552 3939 33
1572 3875 1684 3940 Diniae
1700 3873 1879 3940 tribuendus
1909 3875 1984 3938 erat.
2007 3873 2062 3938 sed
2089 3873 2161 3955 qaia

401 4025 461 4067 nec
498 4000 711 4067 coniunctione
743 3996 907 4066 Nicodemi
939 3995 1033 4061 uerba
1068 3994 1121 4065 uix
1153 3993 1225 4081 apte
1256 3991 1409 4061 introduci
1439 4011 1529 4083 posse
1567 3992 1764 4071 uidebantur,
1801 3994 1926 4076 factam
1961 3991 2086 4076 scripsi,
2125 3995 2161 4056 ut

400 4123 493 4188 uerba
514 4119 677 4187 Nioodemi
700 4120 809 4180 Minas
833 4118 938 4199 operia
960 4115 1059 4177 neoc
1080 4115 1208 4197 faciam
1230 4134 1326 4195 quam
1348 4114 1404 4195 qui
1419 4114 1607 4195 pirorumum
1624 4112 1734 4176 Diniae
1755 4112 1858 4176 uerbis
1873 4113 2014 4175 Multum
2034 4112 2160 4177 laboret

400 4243 547 4310 similiter
567 4239 777 4324 respondeant,
798 4203 891 4320 abque
912 4257 1012 4299 unum
1031 4234 1207 4318 prandiam
1228 4231 1434 4314 alpecellam
1455 4235 1530 4309 edil,
1553 4235 1585 4297 et
1597 4244 1733 4317 praeter
1756 4232 1934 4293 mercedem
1954 4230 1993 4295 ad
2008 4233 2158 4314 paullum

401 4374 524 4426 merear
545 4359 721 4448 respiciunt.
765 4358 806 4423 35
829 4355 1036 4422 moerendum
1058 4356 1100 4419 A.
1139 4352 1183 4416 De
1205 4351 1349 4417 merenda
1370 4351 1637 4445 operariisdanda
1657 4352 1695 4417 cf.
1717 4351 1853 4416 Isidorus
1875 4350 1958 4433 Orig.
1981 4350 2042 4416 XX
2063 4353 2094 4416 3.

397 4528 666 4544 ..n--u--ff--··
681 4525 732 4533 ‘''-
751 4525 788 4532 '⁶‘
808 4524 819 4530 ‘

400 4640 431 4674 aa
454 4620 682 4690 praepositionum
704 4621 813 4680 acprocre
834 4613 913 4664 aerbo
937 4614 1085 4675 coniuncta,
1110 4629 1167 4665 cunr
1189 4612 1250 4664 alibi
1274 4619 1300 4662 et
1317 4611 1366 4663 hoc
1390 4611 1495 4663 mabam
1513 4619 1539 4662 et
1563 4618 1712 4676 repereram
1730 4626 1788 4662 cam
1805 4627 1823 4660 a
1838 4609 2026 4676 praepositione
2049 4609 2152 4660 Plantae

400 4707 572 4761 coniunxerit:
596 4702 627 4754 oi.
646 4700 713 4753 Bnd.
732 4699 787 4760 11,
808 4704 818 4748 1
840 4717 876 4745 =
893 4703 957 4761 2⁵⁸3
977 4699 1002 4750 V
1020 4706 1045 4762 3,
1062 4704 1095 4751 87
1115 4717 1150 4747 =
1171 4705 1249 4761 laam
1267 4698 1342 4764 Epid.
1360 4699 1389 4749 11
1407 4703 1431 4760 2,
1451 4702 1498 4759 ⁷⁰3
1517 4697 1594 4748 Most.
1614 4697 1628 4748 1
1649 4702 1673 4760 2,
1693 4701 1725 4749 lo
1745 4714 1780 4744 =
1802 4700 1858 4747 lob.

569 4790 613 4853 17)
631 4786 659 4839 Si
676 4786 771 4836 Diniae
789 4785 851 4836 baec
870 4787 951 4836 acrba
967 4786 1098 4847 tribueris,
1123 4802 1180 4837 cam
1198 4785 1266 4836 alind
1291 4785 1490 4850 supplementum
1508 4784 1534 4834 ln
1551 4799 1576 4833 n.
1596 4789 1629 4833 23
1646 4784 1854 4850 excogitandam,
1879 4790 1932 4834 tam
1950 4794 2035 4833 amma
2053 4781 2085 4826 22
2103 4789 2153 4825 non

400 4882 493 4935 Diniae
511 4879 555 4928 ead
572 4875 710 4928 Nicodemo
728 4872 875 4922 tribuendus
892 4874 946 4922 erit.

569 4963 614 5026 13)
633 4961 673 5012 ot.
692 4959 763 5010 Trin.
783 4958 823 5009 1v
842 4965 866 5020 4,
887 4966 902 5008 4
923 4959 971 5025 (=
991 4960 1087 5025 loeo);
1105 4959 1130 5010 V
1148 4964 1173 5019 2,
1192 4964 1207 5009 a
1227 4958 1272 5024 (ε
1295 4957 1383 5022 ileo).

569 5049 614 5114 le)
633 5046 672 5098 Cl.
693 5046 790 5096 Paulae
810 5060 864 5095 exc.
884 5061 916 5095 ex
933 5046 1010 5096 Festo
1027 5061 1086 5111 pag.
1107 5049 1139 5096 io
1157 5046 1187 5096 M
1204 5044 1251 5095 Em
1264 5063 1272 5093 .-
1285 5052 1340 5117 tam.
