4972 6124
1057 517 1312 590 ..19-

509 734 593 814 Qum
615 732 704 807 mibi,
724 730 776 812 qni
797 730 912 805 uiuam,
936 729 1055 812 utpium
1077 730 1161 812 inopi
1184 729 1274 802 facis;

510 852 571 917 Sed
593 852 666 933 quin
687 848 811 913 accedat
831 849 946 924 lienus,
969 848 1002 913 id
1023 866 1083 912 non
1103 849 1235 931 pistule.

1122 966 1241 1031 DllllA

511 1088 711 1155 Defadnertre
728 1090 888 1154 himinam
909 1087 1051 1172 egentem
1073 1085 1133 1151 bari
1154 1087 1249 1152 decet.

512 1208 609 1287 Quam
629 1207 668 1273 ad
689 1207 881 1274 redditurum
903 1207 934 1271 te
956 1206 1034 1271 mihi
1058 1205 1135 1270 dicis
1157 1206 1261 1270 diem'?
1400 1299 1407 1315 .

512 1327 590 1391 Cane
610 1326 805 1392 dimutassis.

1060 1444 1299 1511 Nlconnuvs

880 1565 996 1647 ‘Vsque
1017 1563 1112 1629 donec
1133 1565 1261 1631 soluere,

460 1752 707 1819 nuncnune
734 1752 793 1817 nn
819 1748 975 1818 saecu
997 1753 1038 1817 n.
1086 1753 1107 1817 s
1131 1754 1233 1815 resen
1255 1708 1297 1816 ΑῘ
1348 1753 1368 1816 e
1396 1754 1560 1815 necerat
1583 1756 1623 1814 Α.
1674 1752 1693 1814 c
1722 1752 1779 1817 uc
1809 1752 1901 1819 ucis
1933 1754 2059 1822 comum

302 1892 387 1940 suam
406 1873 501 1938 iubat
522 1873 636 1956 Gorgo.
673 1872 813 1937 Cacistus
834 1871 919 1937 solus
939 1872 972 1936 iu
994 1890 1103 1937 scaena
1123 1874 1261 1938 remanet
1280 1874 1312 1937 et
1336 1871 1375 1936 ad
1395 1872 1582 1955 spectatores
1603 1888 1766 1936 wunersus
1788 1874 1947 1956 sequentia
1965 1876 2060 1941 uerba

301 1993 438 2075 loquitur.
483 1992 502 2056 7
526 1995 615 2057 litem
631 1992 761 2077 perdidi
781 1990 879 2055 besta
902 1990 982 2055 dixit
1002 1990 1156 2067 canutus,
1185 1990 1298 2073 quippe
1319 2006 1379 2071 qua
1400 1988 1555 2052 locutione
1576 1987 1670 2052 simul
1692 2006 1784 2052 causa
1804 2006 1838 2054 se
1859 1989 2005 2056 cecidisse
2027 1994 2059 2056 et

298 2131 344 2187 re,
358 2111 406 2205 ¹de
435 2129 497 2195 qua
523 2112 575 2195 agl
602 2113 707 2195 posset
728 2110 794 2174 sins
816 2127 894 2192 quae
916 2110 949 2174 in
972 2108 1179 2175 controuersia
1201 2125 1269 2172 esse
1289 2110 1411 2191 posset,
1439 2105 1596 2190 priuatum
1617 2124 1651 2172 se
1675 2111 1797 2194 essen)
1826 2109 2056 2193 siguificauerit.

295 2233 333 2292 bn
354 2232 462 2295 autem
482 2247 537 2313 pro
557 2247 592 2294 eo
613 2227 692 2311 quod
713 2246 770 2294 nos
790 2227 922 2293 dicimus
944 2227 1154 2313 ,streitobject'
1175 2227 1251 2294 alibi
1271 2244 1391 2308 quoque
1412 2225 1493 2309 apud
1512 2225 1660 2290 Plautum
1681 2227 1829 2292 occurrit:
1857 2226 1895 2292 ci.
1915 2229 2057 2312 inprimis

295 2348 373 2412 llud
396 2346 473 2431 prol.
497 2346 546 2411 17.
571 2347 612 2411 20
633 2348 679 2430 (et
698 2346 827 2412 fortasse
849 2346 917 2412 Cas.
938 2345 970 2410 Π
992 2346 1021 2423 8,
1042 2346 1104 2429 73).
1148 2345 1168 2408 8
1189 2346 1374 2411 adsensum
1393 2345 1471 2410 talia
1495 2344 1557 2410 lere
1579 2345 1744 2411 desiderari
1765 2344 1922 2411 uidentur:
1946 2346 2056 2424 ,Nemo

296 2467 390 2533 homo
413 2465 554 2531 miserior
574 2483 625 2533 me
647 2468 695 2529 cst
716 2484 773 2530 nec
788 2483 937 2548 nmquam
957 2483 1053 2548 aeque
1074 2464 1182 2530 infelix
1203 2465 1266 2529 fui'.
1312 2466 1506 2528 lucernam
1528 2464 1594 2529 scil.
1618 2464 1730 2552 Gorgo.
1776 2467 1814 2530 11
1837 2488 1888 2528 me
1909 2471 1961 2539 A,·
1984 2471 2058 2531 med

294 2585 421 2669 scripsi3
448 2586 547 2668 possis
574 2585 670 2649 etiam
691 2583 728 2648 de
747 2595 859 2648 astare
880 2584 1015 2669 cogitare
1035 2584 1086 2669 (ct
1099 2583 1131 2649 Π
1154 2585 1216 2670 13).
1262 2586 1302 2649 12
1325 2584 1401 2647 Nisi
1418 2585 1495 2668 quid
1514 2605 1576 2669 ego
1598 2587 1663 2646 mci
1679 2587 1782 2648 simile
1803 2588 1924 2670 aliquid
1941 2599 2055 2651 contro

295 2707 466 2768 concilium
488 2706 536 2779 A;
556 2705 634 2787 quid
653 2706 685 2768 et
706 2706 800 2787 quod,
823 2704 901 2769 item
922 2706 1045 2788 aliquid
1067 2707 1098 2770 et
1119 2704 1210 2768 aliud
1230 2704 1263 2769 in
1284 2702 1373 2767 libris
1387 2702 1511 2785 scriptis
1526 2703 1648 2786 saepius
1663 2704 1744 2770 inter
1763 2724 1797 2770 se
1819 2710 2055 2786 somniantur,

296 2842 390 2907 quam
410 2823 447 2887 ut
468 2822 504 2887 de
524 2822 660 2887 ablatiuo
683 2826 740 2906 pur·
757 2824 810 2888 uel
837 2825 939 2906 adqui
947 2825 990 2908 ⁸⁴)
1018 2822 1215 2908 cogitandum
1242 2838 1308 2887 esse
1337 2818 1488 2884 uideatur.
1531 2822 1595 2889 mei
1627 2823 1730 2883 simne
1759 2825 1929 2889 concillum
1954 2825 2055 2909 lepide
2098 2834 2104 2847 ·

298 2942 412 3007 dixisse
432 2941 552 3007 uidetur
577 2940 718 3007 Oacistus
745 2960 836 3007 suum
861 2959 973 3006 nomen
1001 2940 1032 3027 (ὁ
1054 2940 1221 3025 κάκιστος)
1247 2939 1434 3023 significans,
1464 2941 1499 3002 ut
1521 2956 1708 3021 ‚pessumum
1738 2941 1910 3011 consilium’
1931 2944 2055 3008 intelle-

296 3061 428 3146 gendum
455 3062 507 3127 sit
561 3060 713 3139 Similiter
749 3060 934 3125 Diniarchus
972 3060 1149 3125 adulescens
1187 3059 1221 3123 in
1252 3058 1437 3125 Truculento
1471 3060 1500 3144 (1
1527 3060 1554 3137 1,
1582 3059 1623 3122 58
1647 3062 1705 3145 sq.)
1734 3062 1859 3127 nomine
1892 3062 2055 3128 Phronesii

296 3180 465 3246 mereuicis
479 3180 570 3247 lusit:
591 3181 679 3244 Nam
701 3180 780 3242 mila·
799 3181 1169 3257 transuerberauit,
1192 3200 1275 3262 quac
1295 3179 1346 3243 tic
1368 3180 1475 3258 babet,
1490 3180 1702 3241 Phronesium
1722 3202 1818 3244 suum
1839 3202 1956 3244 nomen
1977 3183 2011 3266 (i
2027 3201 2053 3246 e.

293 3300 448 3385 φρόνησιν
475 3301 542 3365 sine
567 3300 764 3383 sapientiam)
795 3319 890 3361 omne
920 3320 962 3362 cs
987 3308 1123 3382 pectore
1148 3303 1293 3363 cambati
1320 3320 1400 3363 mcc.
1445 3298 1490 3364 Oi
1519 3299 1615 3364 etiam
1642 3297 1789 3364 Banabl
1814 3300 1842 3375 2,
1866 3300 1959 3363 21:
1976 3301 2053 3376 1293

295 3420 373 3493 24ος
402 3418 480 3495 362;
509 3419 619 3485 Pseud.
642 3419 721 3493 2293
753 3419 830 3493 712;
859 3419 930 3483 736.
982 3417 1172 3483 Bitschelius
1208 3435 1309 3501 opusc.
1330 3417 1362 3481 II
1391 3417 1452 3482 174
1477 3417 1516 3482 ab
1548 3428 1677 3501 egomet
1707 3419 1766 3501 (ita
1795 3419 1879 3483 enim
1907 3437 1963 3502 pro
1992 3442 2053 3505 ego

295 3540 360 3601 mei
375 3538 408 3603 in
429 3540 463 3600 A
483 3539 584 3621 legere
606 3538 667 3604 sibi
686 3538 773 3603 uisus
793 3539 853 3623 est)
882 3537 1015 3603 lectione
1040 3535 1194 3620 profectus
1222 3553 1329 3601 uersus
1356 3535 1482 3603 initium
1510 3535 1638 3602 liberius
1662 3537 1708 3600 ita
1735 3538 1961 3606 restituendum
1987 3559 2055 3606 esse

293 3658 436 3741 opinatus
458 3660 522 3723 est:
544 3660 619 3721 Nica·
638 3659 763 3741 quidem
785 3667 914 3743 egomet
934 3657 1057 3740 utquid
1076 3658 1187 3720 simile.
1220 3657 1260 3720 13
1280 3655 1419 3721 Cadistus
1439 3656 1473 3720 in
1493 3674 1602 3721 scaem
1624 3659 1777 3733 remanet;
1796 3658 1947 3741 prodeunt
1959 3659 2055 3725 Dinia

292 3778 324 3841 et
352 3775 540 3842 Nicodamus
568 3778 649 3843 inter
678 3796 712 3842 se
741 3776 959 3860 colloquentes.
1013 3775 1061 3840 De
1089 3777 1190 3839 Dicta
1218 3776 1270 3860 (ε
1283 3773 1420 3860 Δεινίας)
1447 3792 1508 3838 non
1535 3777 1653 3838 Diniae
1686 3777 1878 3842 nominatius
1907 3778 1945 3842 cf.
1975 3796 2053 3861 quae

294 3894 427 3961 dirime
448 3897 482 3960 in
503 3896 582 3961 libro
604 3897 657 3979 qui
678 3895 856 3962 inscribitur
877 3895 1051 3979 ‚Festgrusz
1073 3894 1141 3960 etc'
1160 3911 1230 3978 pag.
1252 3894 1293 3958 59
1314 3893 1383 3959 adn.
1408 3894 1436 3957 1.
1469 3931 1498 3942 -
1535 3893 1719 3960 Diusrbium
1743 3895 1825 3959 inter
1850 3898 1969 3962 actores
1999 3898 2051 3979 qui

295 4013 327 4076 in
346 4032 455 4080 scaena
472 4015 662 4080 collocuntur
681 4032 768 4081 ame
789 4015 871 4080 recte
893 4013 1094 4079 distributum
1115 4032 1181 4080 esse
1202 4012 1273 4079 inde
1294 4013 1361 4078 ueri
1380 4011 1484 4077 simile
1504 4013 1550 4091 fit,
1570 4013 1650 4096 quod
1671 4014 1705 4077 in
1725 4033 1902 4095 scaenarum
1922 4017 2052 4103 inscrip-

164 4191 171 4203 ‚
298 4130 429 4199 tionibus
450 4133 484 4196 iu
504 4132 608 4198 codice
630 4137 663 4196 A
680 4134 914 4200 interlocutores
935 4131 1042 4199 eodem
1063 4132 1167 4199 ordine
1187 4132 1338 4198 nominari
1360 4131 1470 4208 solent,
1493 4148 1552 4213 que
1572 4131 1605 4195 in
1618 4133 1686 4217 ipsa
1700 4151 1809 4200 scaena
1823 4153 1899 4217 quae
1913 4137 2053 4219 sequitur

297 4250 386 4316 uerba
405 4251 504 4317 facere
525 4251 687 4336 incipiunt
723 4253 802 4319 Sane
823 4252 1011 4337 exceptionis
1031 4252 1099 4317 loco
1121 4269 1157 4317 ea
1176 4249 1314 4334 exempla
1334 4249 1474 4315 habenda
1493 4251 1575 4326 sunt,
1597 4250 1635 4315 de
1654 4252 1764 4332 quibus
1777 4270 1858 4318 nunc
1871 4253 2049 4339 disputabo:

291 4368 383 4436 Falso
422 4369 528 4436 ordine
568 4373 739 4437 enumerati
778 4372 922 4457 extabant
962 4370 1193 4435 interlocutores
1224 4370 1258 4433 in
1296 4368 1390 4435 titulo
1425 4386 1551 4433 scaenae
1585 4369 1698 4434 Persae
1723 4369 1769 4434 IV
1795 4373 1832 4446 53
1875 4373 1936 4436 etsi
1967 4375 2051 4439 enim

291 4490 375 4573 prior
395 4507 466 4573 pass
487 4490 576 4556 tituli
596 4489 747 4556 foramine
767 4491 947 4575 absumptus
969 4486 1140 4565 intercidit,
1165 4489 1286 4554 mactat
1307 4489 1412 4554 tamen
1434 4487 1564 4553 titulum
1586 4489 1619 4551 in
1640 4486 1817 4555 numus
1839 4491 1965 4570 exiisse,
1996 4492 2049 4574 qni

290 4610 325 4673 in
353 4609 422 4692 ipsa
448 4626 557 4674 scaena
583 4629 645 4677 non
670 4608 783 4674 ultimo
810 4610 865 4675 sed
892 4609 991 4694 primo
1017 4608 1084 4673 loco
1111 4609 1205 4673 uerba
1228 4608 1313 4674 iacit.
1356 4608 1437 4672 Item
1460 4606 1494 4670 iu
1513 4605 1607 4670 titulo
1630 4625 1756 4672 scaeme
1776 4609 1891 4674 Militis
1912 4609 2048 4675 Gloriosi

290 4725 379 4790 IV4
404 4723 755 4792 Acnonnunnnnnu
779 4726 1054 4792 MILPHIDIPPA
1082 4725 1325 4792 Pnnnslcnns
1353 4724 1610 4791 PALAESTRIO
1639 4726 1848 4791 nominantur:
1876 4726 2047 4793 Palaestrio

291 4844 397 4909 tamen
433 4843 505 4909 ante
541 4842 726 4911 Pleusiclem
759 4830 904 4928 loqditur.
945 4847 1028 4912 Item
1058 4846 1092 4911 in
1123 4845 1225 4912 indice
1253 4864 1452 4931 personarum
1481 4843 1609 4910 Gasinae
1640 4845 1687 4911 ΠΙ
1718 4846 1737 4910 6
1775 4845 1944 4929 praemisso
1976 4849 2049 4930 post

295 4960 488 5046 Olympionit
509 4979 622 5027 nornen
643 4981 703 5028 non
723 4963 897 5047 proximum
916 4964 1036 5042 locum,
1056 4966 1093 5029 ut
1115 4963 1260 5043 debebat,
1287 4963 1342 5028 sed
1361 4964 1508 5029 ultimum
1532 4965 1618 5029 tenet
1645 4965 1734 5048 coqui
1760 4983 1881 5031 nomen.
1931 4964 2048 5045 Quodsi

293 5079 377 5146 Pers.
403 5081 435 5147 11
464 5084 484 5146 5
510 5080 688 5148 somus
715 5079 960 5148 SAGARISTIO
990 5080 1312 5147 SOPHOCLIDISCA
1342 5082 1470 5167 legitur,
1503 5081 1557 5146 ubi
1589 5080 1817 5167 Sophoclidisca
1849 5083 1921 5147 aute
1952 5083 2047 5167 Suga-

400 5383 402 5387 ’
458 5377 504 5439 ³³)
521 5373 562 5427 (il.
580 5375 608 5426 11
630 5381 675 5427 ll:
692 5383 792 5441 captam
810 5375 929 5441 praedam
947 5374 1050 5440 perdidi.
1190 5428 1194 5434 ,

460 5462 506 5524 ³⁴)
523 5459 673 5513 Ablatiuum
690 5462 845 5527 pronominis
863 5464 889 5512 ln
908 5460 926 5512 d
942 5469 1074 5513 exeuntem
1092 5461 1117 5511 iu
1136 5459 1196 5526 quid
1213 5462 1253 5511 uel
1270 5457 1365 5525 aliquid
1381 5466 1509 5511 senatum
1528 5474 1581 5510 esse
1600 5458 1674 5509 facile
1692 5460 1748 5524 quis
1765 5460 1887 5525 opinatur.

1806 5553 1837 5603 ⁸0
