4972 6124
1149 466 1197 471 aa„
1253 417 1300 492 30

694 668 735 767 2)
789 667 1193 744 Pmossssoirvoi
1229 665 1850 745 Exrmuoitoiituirwittinr.

980 895 1042 959 ux.
1062 856 1151 959 oss.
1171 897 1424 969 oroosuuor,
1448 920 1473 957 ι».
1495 919 1523 957 p.
1548 918 1573 956 a.

561 1025 587 1098 i)
619 1028 734 1086 Pubiice
767 1026 1064 1087 exercitationes
1100 1029 1339 1088 obstetricias
1375 1030 1403 1085 in
1436 1028 1621 1101 piuantomate
1655 1028 1785 1085 instituet
1821 1029 1848 1085 1.
1880 1026 1966 1088 iisrc.
2000 1030 2029 1086 b.
2055 1024 2091 1085 ii.
2121 1060 2158 1070 -

396 1127 436 1204 ii)
458 1130 592 1188 Privatim
614 1130 650 1189 de
668 1129 800 1187 morbis
820 1128 994 1186 cntaueis
1014 1128 1050 1187 et
1073 1129 1302 1204 sypitiitieis
1327 1129 1586 1188 demonstrationes
1607 1131 1750 1201 practicus
1771 1129 1919 1188 additurus
1940 1131 2065 1189 disseret
2078 1131 2152 1190 dieb.

395 1231 477 1291 biart.
498 1232 557 1290 tor.
579 1232 646 1289 Veu.
666 1230 694 1287 b.
714 1225 750 1287 ii.

1013 1354 1072 1415 Da.
1093 1355 1131 1415 R.
1153 1353 1389 1422 semianimis,
1412 1376 1438 1415 a.
1463 1375 1490 1415 1.
1512 1375 1538 1413 s.

564 1491 587 1566 i)
615 1495 728 1553 Pubiice
757 1495 792 1553 de
816 1494 1001 1553 oeuiorum
1030 1493 1269 1558 retractione
1297 1494 1330 1552 et
1357 1493 1692 1553 accommodatione
1711 1495 1941 1568 perturbatis
1963 1496 2090 1558 disseret
2110 1499 2158 1558 die

396 1600 491 1658 Lunae
511 1599 539 1657 11.
559 1591 612 1654 iii.
638 1625 678 1640 -
704 1591 744 1668 ΙΙ)
764 1596 899 1655 Privatim
930 1594 959 1668 t)
985 1596 1285 1657 exercitationes
1311 1595 1701 1670 opbtbaimoscopicas
1727 1596 1918 1655 moderabitur
1941 1598 2017 1658 dieb.
2044 1600 2105 1661 ior.
2126 1604 2155 1663 ct

398 1703 464 1760 veo.
484 1695 577 1771 b.'v;
603 1698 635 1769 2)
656 1697 951 1757 exercitationes
970 1696 1219 1771 operationum
1240 1700 1275 1755 iu
1298 1699 1417 1756 ocuiis
1438 1698 1739 1757 instituendarum
1764 1699 1956 1758 moderabitur
1979 1701 2054 1762 dieb.
2074 1703 2159 1763 iiart.

397 1806 426 1862 et
444 1803 514 1859 Vsu.
534 1794 644 1871 iaiii3
663 1798 695 1869 3)
718 1799 1010 1858 exercitationes
1029 1800 1188 1863 ciinicas
1208 1799 1558 1873 opbtiuaimiatricas
1578 1801 1709 1859 instituet
1728 1800 1802 1859 dteb.
1823 1800 1910 1861 11111.
1931 1802 1961 1861 et
1980 1801 2041 1860 Sat.
2064 1805 2092 1863 b.
2106 1803 2158 1865 ΙΙΙ.

1021 2011 1081 2072 Du.
1106 2010 1143 2072 11.
1169 2007 1376 2082 aaNDOiS,
1403 2031 1431 2072 n.
1452 2031 1480 2071 1.
1504 2031 1533 2071 s.
1611 2032 1615 2041 ’

564 2139 590 2215 1)
610 2143 725 2203 Pontice
745 2145 995 2216 usteoiogiam
1017 2144 1261 2219 comparatam
1283 2143 1396 2203 docebit
1416 2144 1463 2203 die
1484 2141 1561 2203 ioris
1581 2144 1608 2202 iu.
1625 2138 1693 2201 xit.
1713 2172 1743 2184 —·
1769 2139 1808 2215 ΙΙ)
1830 2144 1964 2204 Privatim
1988 2146 2015 2216 t)
2035 2149 2157 2207 osteo·

397 2249 551 2318 tugiam,
576 2246 855 2318 artbroiogtam,
880 2248 1207 2319 syndesmoiogiam
1232 2247 1398 2318 corporis
1421 2236 1560 2303 humaui
1587 2244 1682 2303 tradet
1705 2245 1805 2305 diebus
1833 2248 1903 2306 ven.
1930 2247 1960 2306 et
1979 2247 2040 2306 sat
2060 2248 2087 2305 iu.
2107 2243 2151 2306 ix

399 2350 428 2409 et
447 2349 494 2407 dte
512 2348 573 2407 Sat.
594 2347 622 2405 b.
636 2343 725 2416 vtii;
756 2349 787 2419 2)
809 2349 1044 2421 iutstuiogiam
1064 2350 1101 2408 et
1122 2347 1334 2408 anatomiam
1355 2347 1656 2427 microscopicam
1674 2359 1737 2404 cum
1757 2348 2050 2408 demonstrationibus
2070 2365 2152 2409 exer·

399 2451 638 2523 uitatiooibusoue
658 2450 795 2523 practicis
815 2451 1044 2524 conjungendam
1066 2449 1182 2510 doeobtt
1200 2449 1274 2508 dieb.
1295 2448 1355 2507 ior.
1379 2449 1448 2507 veo.
1468 2447 1530 2505 Sat.
1551 2448 1579 2504 b.
1598 2443 1651 2504 iv,

964 2660 1027 2722 ou.
1045 2662 1083 2723 o.
1103 2632 1449 2731 minocentaurum
1471 2680 1497 2720 P.
1519 2682 1547 2722 ι».
1561 2680 1597 2739 a.
1714 2642 1716 2650 ‘

566 2786 591 2862 i)
611 2790 726 2851 Publice
746 2791 782 2850 de
802 2791 977 2862 bygieinc
996 2791 1142 2865 pubitca
1162 2793 1199 2851 et
1218 2791 1351 2867 politia
1373 2791 1516 2850 medica
1536 2791 1662 2850 disseret
1680 2790 1779 2848 diebus
1798 2787 1879 2848 biart
1900 2793 1930 2849 et
1950 2792 2109 2851 satuti.
2128 2825 2155 2837 -

400 2889 439 2967 11)
459 2891 592 2951 Privatim
612 2893 648 2953 de
668 2893 854 2952 medicina
874 2893 1019 2952 rorensi
1041 2893 1141 2953 diebus
1160 2893 1227 2951 iun.
1249 2892 1337 2952 tierc.
1360 2893 1429 2951 veo.
1449 2891 1477 2949 b.
1494 2888 1530 2948 V.

918 3200 959 3300 a)
1011 3183 1276 3278 rauranum
1304 3196 1641 3275 uocsnrrnor.

935 3434 995 3501 Da.
1016 3443 1055 3501 Α.
1083 3437 1437 3510 BENGELSDORFF,
1459 3422 1542 3500 narr.
1561 3459 1630 3500 noc.
1715 3390 1717 3395 >

566 3536 682 3631 Pubitce
708 3571 743 3630 de
767 3573 999 3631 nutrimentis
1022 3584 1087 3629 nec
1113 3584 1180 3630 noo
1204 3571 1245 3630 de
1268 3571 1472 3630 diaetetice
1493 3570 1750 3642 physiologica
1770 3570 1896 3630 disseret
1915 3572 2016 3631 diebus
2037 3571 2162 3633 Mercuri

402 3679 432 3738 et
449 3676 565 3736 saturni
585 3675 614 3733 b.
633 3668 689 3732 ΙΧ.
1462 3689 1465 3693 ·

1003 3798 1064 3859 Du.
1093 3797 1130 3860 P.
1149 3794 1367 3866 KRABLER,
1387 3816 1469 3857 narr.
1496 3817 1565 3857 noc.
1599 3835 1607 3850 .

569 3929 704 3989 Privatim
724 3928 760 3987 de
781 3927 919 3987 morbis
938 3928 1131 3987 iurantium
1150 3941 1207 3987 uua
1226 3940 1290 3987 curn
1310 3926 1599 3988 demonstrationibus
1621 3926 1736 3985 cituicts
1754 3927 1824 3996 aret
1842 3927 1888 3985 tar
1904 3942 1955 4001 per
1970 3926 2053 3989 bebd.
2068 3930 2096 3989 b
2111 3924 2163 3987 iii.

1034 4139 1093 4201 Da.
1113 4139 1154 4203 R.
1173 4138 1340 4212 ARND'I',
1362 4160 1444 4202 narr.
1465 4161 1535 4202 noc.

567 4270 702 4331 Privatim
725 4273 754 4343 1)
776 4271 1131 4347 ciectrotberapiam
1151 4272 1441 4332 demonstrationibus
1462 4274 1546 4344 utone
1566 4269 1820 4330 exercitationibus
1840 4273 1978 4347 practicis
1998 4277 2160 4350 suppletam

334 4420 342 4436 .
404 4373 518 4435 docebit
543 4373 588 4430 bis
612 4386 665 4448 per
689 4374 791 4446 bebd.;
830 4375 862 4444 2)
892 4374 1145 4446 patboiogiam
1171 4376 1205 4434 et
1233 4375 1441 4448 tbarapium
1469 4374 1699 4450 psycbostum
1729 4385 1792 4431 curu
1820 4373 2111 4438 demonstrationibus
2136 4380 2164 4437 et

404 4474 658 4537 exercitationibus
678 4477 816 4550 practicis
835 4477 865 4534 tn
885 4479 1053 4537 nosocomio
1073 4477 1271 4551 pspcbiutrtco
1290 4477 1494 4538 contracturus
1516 4475 1612 4534 tradet
1629 4475 1675 4532 ter
1693 4486 1746 4549 per
1765 4473 1849 4533 bend.

1051 4669 1114 4733 Da.
1135 4670 1180 4734 Μ.
1196 4670 1328 4742 florii,
1347 4690 1429 4734 narr.
1449 4690 1518 4731 noc.

574 4799 599 4874 Ι)
624 4800 739 4860 Publice
765 4801 800 4860 de
822 4803 958 4861 morbis
984 4805 1155 4878 corporis
1181 4802 1319 4863 bumant
1344 4801 1562 4879 parasiticis
1582 4801 1709 4861 disseret
1726 4802 1769 4859 bis
1791 4814 1844 4873 per
1863 4802 1948 4862 bebo.
1968 4805 2028 4864 bor.
2049 4801 2106 4858 det.
2129 4828 2163 4840 -

318 4984 323 4993 .
408 4900 446 4976 ΙΙ)
466 4904 601 4962 Prirattm
622 4915 765 4962 cursum
785 4904 1015 4975 bistoiogiuo
1034 4904 1239 4980 practicam
1259 4905 1391 4965 instituet
1409 4903 1511 4974 uuatm
1529 4914 1582 4976 per
1605 4903 1688 4963 bebd.
1708 4903 1770 4960 bor.
1790 4901 1849 4962 det.

954 5078 956 5083 Ι
1053 5106 1116 5184 Da.
1139 5107 1176 5169 P.
1198 5106 1326 5181 VOGT,
1360 5125 1442 5175 eurr.
1466 5124 1550 5168 noc.¹

573 5227 598 5305 i)
620 5234 735 5295 Publice
762 5237 798 5295 da
822 5237 964 5297 berutis
984 5238 1111 5301 disseret
1129 5241 1219 5300 sensi
1242 5253 1295 5315 per
1313 5239 1399 5298 babd.
1420 5266 1450 5281 -
1479 5233 1518 5310 ii)
1542 5236 1676 5296 Prtrattm
1697 5236 1733 5296 de
1756 5234 1932 5295 anatomia
1953 5218 2165 5305 cbirurgtca

408 5334 668 5395 demonstrationes
691 5337 837 5397 additurus
860 5340 986 5401 disseret
1003 5341 1050 5401 ter
1068 5356 1121 5418 per
1141 5342 1244 5423 hebd..
